%% This file was converted to BibTeX by Writer2BibTeX ver. 1.6.1.
%% See http://writer2latex.sourceforge.net for more info.

@ARTICLE{CITATIONTAm08l2057,
    TITLE = {[16]},
}

@ARTICLE{CITATIONKNW10l2057,
    TITLE = {[22]},
}

@ARTICLE{CITATIONKNW09l2057,
    TITLE = {[21]},
}

@ARTICLE{CITATIONYTa01l2057,
    TITLE = {[18]},
}

@ARTICLE{CITATIONHGu13l2057,
    TITLE = {[15]},
}

@ARTICLE{CITATIONVHa96l2057,
    TITLE = {[17]},
}

@ARTICLE{CITATIONGBa191l2057,
    TITLE = {[9]},
}

@ARTICLE{CITATIONPCu14l2057,
    TITLE = {[7]},
}

@ARTICLE{CITATIONABi05l2057,
    TITLE = {[8]},
}

@ARTICLE{CITATIONHZT94l2057,
    TITLE = {[13]},
}

@ARTICLE{CITATIONJBi17l2057,
    TITLE = {[14]},
}

@ARTICLE{CITATIONTOr07l2057,
    TITLE = { [1]},
}

@ARTICLE{CITATIONMMu15l2057,
    TITLE = {[19]},
}

@ARTICLE{CITATIONAJS17l2057,
    TITLE = {[3]},
}

@ARTICLE{CITATIONIVi21l2057,
    TITLE = {[11]},
}

@ARTICLE{CITATIONJMW18l2057,
    TITLE = {[24]},
}

@ARTICLE{CITATIONVHa04l2057,
    TITLE = {[12]},
}

@ARTICLE{CITATIONAZe19l2057,
    TITLE = {[5]},
}

@ARTICLE{CITATIONHYa03l2057,
    TITLE = {[20]},
}

@ARTICLE{CITATIONHas19l2057,
    TITLE = {[6]},
}

@ARTICLE{CITATIONCSw03l2057,
    TITLE = { [4]},
}

@ARTICLE{CITATIONTSm20l2057,
    TITLE = { [2]},
}

@ARTICLE{CITATIONJMW16l2057,
    TITLE = {[23]},
}

@ARTICLE{CITATIONSAv16l2057,
    TITLE = {[10]},
}

